# Bab 1
@inproceedings{chen2019analysis,
  title={Analysis of Attendance Duration--A Case Study of University of Taipei},
  author={Chen, Miao-Ying and Chou, Chi-Yi and Ou, Yuan-Fang and Chen, Huei-yuan and Chiang, Li-Yun and Chien, Chu-Pu},
  booktitle={2019 8th International Congress on Advanced Applied Informatics (IIAI-AAI)},
  pages={1025--1026},
  year={2019},
  organization={IEEE}
}

@inproceedings{so2020developing,
  title={Developing Predictors for Student Involvement in Generic Competency Development Activities in Smart Learning Environment},
  author={So, Joseph CH and Tung, Ho Wai and Chan, Ada and Wong, Simon and Wong, Adam and Chan, Henry},
  booktitle={2020 IEEE 44th Annual Computers, Software, and Applications Conference (COMPSAC)},
  pages={196--200},
  year={2020},
  organization={IEEE}
}

@inproceedings{putri2018analysis,
  title={Analysis of students graduation target based on academic data record using c4. 5 algorithm case study: Information systems students of telkom university},
  author={Putri, Dela Youlina and Andreswari, Rachmadita and Hasibuan, Muhammad Azani},
  booktitle={2018 6th International Conference on Cyber and IT Service Management (CITSM)},
  pages={1--6},
  year={2018},
  organization={IEEE}
}

@inproceedings{wang2018design,
  title={Design and implementation of early warning system based on educational big data},
  author={Wang, Zhuping and Zhu, Chenjing and Ying, Zelin and Zhang, Ying and Wang, Ben and Jin, Xinyu and Yang, Huansong},
  booktitle={2018 5th International Conference on Systems and Informatics (icsai)},
  pages={549--553},
  year={2018},
  organization={IEEE}
}

@inproceedings{elcullada2018academic,
  title={Academic advising system using data mining method for decision making support},
  author={Elcullada-Encarnacion, Riah F},
  booktitle={2018 4th International Conference on Computer and Technology Applications (ICCTA)},
  pages={29--34},
  year={2018},
  organization={IEEE}
}

@inproceedings{olalekan2020performance,
  title={Performance evaluation of machine learning techniques for prediction of graduating students in tertiary institution},
  author={Olalekan, Ajinaja Micheal and Egwuche, Ojonukpe Sylvester and Olatunji, Sylvester Oluyemi},
  booktitle={2020 International Conference in Mathematics, Computer Engineering and Computer Science (ICMCECS)},
  pages={1--7},
  year={2020},
  organization={IEEE}
}

@inproceedings{danbatta2020predicting,
  title={Predicting student’s final graduation CGPA using data mining and regression methods: a case study of Kano informatics institute},
  author={Danbatta, Salim Jibrin and Varol, Asaf},
  booktitle={2020 8th International Symposium on Digital Forensics and Security (ISDFS)},
  pages={1--7},
  year={2020},
  organization={IEEE}
}

@inproceedings{alyahyan2020decision,
  title={Decision Trees for Very Early Prediction of Student's Achievement},
  author={Alyahyan, Eyman and D{\"u}{\c{s}}tea{\"o}r, Dilek},
  booktitle={2020 2nd International Conference on Computer and Information Sciences (ICCIS)},
  pages={1--7},
  year={2020},
  organization={IEEE}
}

@article{sunardi2022pengaruh,
  title={Pengaruh Nilai Hidden layer dan Learning rate Terhadap Kecepatan Pelatihan Jaringan Saraf Tiruan Backpropagation},
  author={Sunardi, Sunardi and others},
  journal={JIKO (Jurnal Informatika dan Komputer)},
  volume={6},
  number={1},
  pages={27--33},
  year={2022}
}

@article{sari2021analisis,
  title={Analisis Akurasi Jaringan Syaraf Tiruan Dengan Backpropagation Untuk Prediksi Mahasiswa Dropout},
  author={Sari, Eka Yulia and Kusrini, Kusrini and Sunyoto, Andi},
  journal={Creative Information Technology Journal},
  volume={6},
  number={2},
  pages={85--95},
  year={2021}
}

@inproceedings{hossen2021web,
  title={A web based four-tier architecture using reduced feature based neural network approach for prediction of student performance},
  author={Hossen, Md Anwar and Alamgir, Rakib Bin and Alam, Arman Ul and Siddika, Fatema and Hossain, Shah Fahad and Arman, Md Shohel},
  booktitle={2021 2nd International Conference on Robotics, Electrical and Signal Processing Techniques (ICREST)},
  pages={269--273},
  year={2021},
  organization={IEEE}
}

@incollection{bourner2020contribution,
  title={The Contribution of the Fully Functioning University to the Advancement of Knowledge},
  author={Bourner, Tom and Rospigliosi, Asher and Heath, Linda},
  booktitle={The Fully Functioning University},
  pages={71--100},
  year={2020},
  publisher={Emerald Publishing Limited}
}

@article{khan2023challenges,
  title={Challenges of Topic Selection for Dissertation at the Undergraduate Level in Bangladesh},
  author={Khan, Mohammad Ehsanul Islam and Khan, Mohammad Ekramul Islam and Anonna, Afsana Siddika and Islam, Samia},
  journal={Canadian Journal of Educational and Social Studies},
  volume={3},
  number={2},
  pages={1--14},
  year={2023}
}

@article{yemelyanova2023educational,
  title={The educational crisis in today's information and digital society},
  author={Yemelyanova, Olena and Bakhmat, Nataliia and Huda, Oksana and Shvets, Tetiana and Boichuk, Alla},
  journal={Revista Eduweb},
  volume={17},
  number={2},
  pages={267--284},
  year={2023}
}

@article{nirmala2020strategi,
  title={Strategi memilih judul penelitian kebahasaan bagi pemula},
  author={Nirmala, Deli and Hendro, Eko Punto},
  journal={Harmoni: Jurnal Pengabdian Kepada Masyarakat},
  volume={4},
  number={2},
  pages={37--41},
  year={2020},
  publisher={Departemen Linguistik, Fakultas Ilmu Budaya Universitas Diponegoro}
}

@article{abdullah2021sistem,
  title={Sistem Pendukung Keputusan Untuk Rekomendasi Topik Skripsi Dengan Metode Fuzzy AHP},
  author={Abdullah, Asrul and Sucipto, Sucipto},
  journal={Jurnal Transformatika},
  volume={18},
  number={2},
  pages={231--239},
  year={2021}
}

@article{patria2022optimasi,
  title={Optimasi Support Vector Machine (SVM) Menggunakan K-Means dan K-Medoids untuk Klasterisasi Tema Tugas Akhir},
  author={Patria, Gaffy},
  journal={Journal Innovations Computer Science},
  volume={1},
  number={2},
  pages={94--108},
  year={2022},
  publisher={Information KAWANAD Institute},
  doi={https://doi.org/10.56347/jics.v1i2.72}
}

@article{merawati2018sistem,
  title={Sistem rekomendasi topik skripsi menggunakan metode case based reasoning},
  author={Merawati, Ni Luh Putu and Hartati, Sri},
  journal={Jurnal Ilmiah Teknologi Infomasi Terapan},
  volume={4},
  number={3},
  year={2018}
}

@article{salam2022sistem,
  title={Sistem Rekomendasi Tugas Akhir Mahasiswa pada AMIK Indonesia untuk Mendukung Merdeka Belajar-Kampus Merdeka Menggunakan Metode Collaborative Filtering (CF)},
  author={Salam, Abdus and Albahri, Fauzan Putraga and others},
  journal={Jurnal JTIK (Jurnal Teknologi Informasi dan Komunikasi)},
  volume={6},
  number={2},
  pages={281--288},
  year={2022}
}

@article{ko2022,
  author    = {Ko, H. and Lee, S. and Park, Y. and Choi, A.},
  title     = {A Survey of Recommendation Systems: Recommendation Models, Techniques, and Application Fields},
  journal   = {Electronics},
  year      = {2022},
  volume    = {11},
  number    = {1},
  pages     = {141},
  doi       = {10.3390/electronics11010141},
  url       = {https://doi.org/10.3390/electronics11010141}
}

@article{walek2020hybrid,
  title={A hybrid recommender system for recommending relevant movies using an expert system},
  author={Walek, Bogdan and Fojtik, Vladimir},
  journal={Expert Systems with Applications},
  volume={158},
  pages={113452},
  year={2020},
  publisher={Elsevier}
}

# Bab 2
@inproceedings{yu2021collaborative,
  title={Collaborative filtering recommendation with fluctuations of user’preference},
  author={Yu, Jing and Shi, Jinaiing and Chen, Yunwen and Ji, Daqi and Liu, Wenhai and Xie, Zhijun and Liu, Kai and Feng, Xue},
  booktitle={2021 IEEE International conference on information communication and software engineering (ICICSE)},
  pages={222--226},
  year={2021},
  organization={IEEE}
}

@inproceedings{mana2021machine,
  title={A machine learning based implementation of product and service recommendation models},
  author={Mana, Suja Cherukullapurath and Sasipraba, T},
  booktitle={2021 7th International Conference on Electrical Energy Systems (ICEES)},
  pages={543--547},
  year={2021},
  organization={IEEE}
}

@inproceedings{hiteshue2015interdisciplinary,
  title={Interdisciplinary research program to inspire underrepresented undergraduate students in science, technology, engineering and mathematics (STEM) fields},
  author={Hiteshue, E and Irvin, K and Lanzerotti, M and Hochheiser, S and Geselowitz, M and Langley, D and Martin, R and Cerny, CL and Paul, B and Chattopadhyay, B},
  booktitle={2015 IEEE Integrated STEM Education Conference},
  pages={70--75},
  year={2015},
  organization={IEEE}
}

@inproceedings{lapa2019impact,
  title={Impact of Formative Research on Engineering students},
  author={Lapa-Asto, Ulises and Tirado-Mendoza, Gabriel and Roman-Gonzalez, Avid},
  booktitle={2019 IEEE World Conference on Engineering Education (EDUNINE)},
  pages={1--5},
  year={2019},
  organization={IEEE}
}

@inproceedings{ray2019quick,
  title={A quick review of machine learning algorithms},
  author={Ray, Susmita},
  booktitle={2019 International conference on machine learning, big data, cloud and parallel computing (COMITCon)},
  pages={35--39},
  year={2019},
  organization={IEEE}
}

@inproceedings{gupta2020survey,
  title={A survey on machine learning approaches and its techniques},
  author={Gupta, Roopam and others},
  booktitle={2020 IEEE International Students' Conference on Electrical, Electronics and Computer Science (SCEECS)},
  pages={1--6},
  year={2020},
  organization={IEEE}
}

@inproceedings{zarzour2019recdnning,
  title={RecDNNing: a recommender system using deep neural network with user and item embeddings},
  author={Zarzour, Hafed and Al-Sharif, Ziad A and Jararweh, Yaser},
  booktitle={2019 10th International Conference on Information and Communication Systems (ICICS)},
  pages={99--103},
  year={2019},
  organization={IEEE}
}

@inproceedings{almaghrabi2018deep,
  title={A deep learning based collaborative neural network framework for recommender system},
  author={Almaghrabi, Maram and Chetty, Girija},
  booktitle={2018 International Conference on Machine Learning and Data Engineering (iCMLDE)},
  pages={121--127},
  year={2018},
  organization={IEEE}
}

@inproceedings{polyiam2017hybrid,
  title={A hybrid forecasting model of cassava price based on artificial neural network with support vector machine technique},
  author={Polyiam, Korawat and Boonrawd, Pudsadee},
  booktitle={2017 3rd International Conference on Information Management (ICIM)},
  pages={123--127},
  year={2017},
  organization={IEEE}
}

@inproceedings{zhu2018hybrid,
  title={A hybrid deep learning model for consumer credit scoring},
  author={Zhu, Bing and Yang, Wenchuan and Wang, Huaxuan and Yuan, Yuan},
  booktitle={2018 international conference on artificial intelligence and big data (ICAIBD)},
  pages={205--208},
  year={2018},
  organization={IEEE}
}

# Bab 3
@online{IBM2022,
  author = {{IBM}},
  title = {Pengantar CRISP-DM},
  year = {2022},
  url = {https://www.ibm.com/docs/pt-br/spss-modeler/saas?topic=dm-crisp-help-overview},
  urldate = {2024-08-14},
  organization = {IBM},
  note = {Retrieved from ibm.com}
}

